<?xml version="1.0" encoding="UTF-8"?><record xmlns="http://www.loc.gov/MARC21/slim" xmlns:cinclude="http://apache.org/cocoon/include/1.0" xmlns:zs="http://www.loc.gov/zing/srw/">
  <leader>00595cz  a2200169n  4500</leader>
  <controlfield tag="001">no 97040059 </controlfield>
  <controlfield tag="003">DLC</controlfield>
  <controlfield tag="005">19980604053054.3</controlfield>
  <controlfield tag="008">970703n| acannaab|          |a aaa     c</controlfield>
  <datafield tag="010" ind1=" " ind2=" ">
    <subfield code="a">no 97040059 </subfield>
  </datafield>
  <datafield tag="035" ind1=" " ind2=" ">
    <subfield code="a">(OCoLC)oca04378322</subfield>
  </datafield>
  <datafield tag="040" ind1=" " ind2=" ">
    <subfield code="a">NNC</subfield>
    <subfield code="c">NNC</subfield>
    <subfield code="d">CtY</subfield>
  </datafield>
  <datafield tag="100" ind1="1" ind2="0">
    <subfield code="a">Talanova, Galina</subfield>
  </datafield>
  <datafield tag="400" ind1="1" ind2="0">
    <subfield code="a">Talanova, G. B.</subfield>
    <subfield code="q">(Galina Borisovna)</subfield>
  </datafield>
  <datafield tag="400" ind1="1" ind2="0">
    <subfield code="a">Bochkova, Galina Borisovna</subfield>
  </datafield>
  <datafield tag="400" ind1="1" ind2="0">
    <subfield code="a">Talanova, Galina Borisovna</subfield>
  </datafield>
  <datafield tag="670" ind1=" " ind2=" ">
    <subfield code="a">Godovye kolʹt︠s︡a, 1996:</subfield>
    <subfield code="b">t.p. (Galina Talanova) CIP hdg. (Talanova G.B.) copyright (Talanova Galina Borisovna) colophon (Talanova (Bochkova) Galina Borisovna)</subfield>
  </datafield>
</record>